@online{PennEngineering,
title = {Spice - A Brief Tutorial},
date = {July 14, 2010},
author = {Jan Van der Spiegel},
howpublished = {http://www.seas.upenn.edu/~jan/spice/spice.overview.html},
organization = {Penn Engineering},
}
