@online{conductivityResistivity,
author	= "Wikipedia Contributors",
title	= "Electrical Resistivity and Conductivity",
url	= "https://en.wikipedia.org/wiki/Electrical_resistivity_and_conductivity",
year	= "2016"
}

@online{boltzmannsConstant,
author	= "Wikipedia Contributors",
title	= "Boltzmann Constant",
url	= "https://en.wikipedia.org/w/index.php?title=Boltzmann_constant&action=history",
year	= "2015"
}

@online{diodeCharacteristicsCurve,
author	= "Learning about Electronics Staff",
title	= "Zener Diode I-V Characteristics Curve",
url	= "http://www.learningaboutelectronics.com/Articles/Zener-diode-IV-characteristics-curve",
year	= "1999"
}
