@book{Murphy,
author	= "Raymond Murphy",
title	= "English Grammar in Use",
edition	= "3rd",
year	= "2004",
publisher	= "Cambridge University Press"
}

@book{Ebbitt,
author	= "Wilma R. Ebbitt",
title	= "Writers Guide and Index to English",
edition	= "6th",
year	= "1978",
publisher	= "Scott, Foresman and Company"
}